<?xml version="1.0" encoding="UTF-8"?><collection xmlns="http://www.loc.gov/MARC21/slim"><record><leader>00541nam--2200181-i-4500</leader><controlfield tag="001">000007033</controlfield><controlfield tag="002">20161230</controlfield><controlfield tag="005">20161230201027</controlfield><controlfield tag="008">060222s1000------------r-----000-0-eng-d</controlfield><datafield ind1=" " ind2=" " tag="040"><subfield code="a">IFIN-HH</subfield></datafield><datafield ind1=" " ind2=" " tag="080"><subfield code="a">539.166</subfield></datafield><datafield ind1="1" ind2=" " tag="100"><subfield code="a">Disatnik, Y</subfield></datafield><datafield ind1="1" ind2="0" tag="245"><subfield code="a">Mossbauer fractions and specific heats of diatomic lattices</subfield><subfield code="c">Y. disatnik, d. fainstein, h.j. lipkin</subfield></datafield><datafield ind1=" " ind2=" " tag="260"><subfield code="a">Rehovoth, Israel</subfield><subfield code="b">The Weizmann Institute Of Science</subfield><subfield code="c">/F.An</subfield></datafield><datafield ind1=" " ind2=" " tag="300"><subfield code="a">6P.+2 TAB</subfield></datafield><datafield ind1="1" ind2=" " tag="700"><subfield code="a">Lipkin, H.J</subfield></datafield><datafield ind1=" " ind2=" " tag="852"><subfield code="a">20775</subfield><subfield code="c">539.163.2</subfield></datafield><datafield ind1=" " ind2=" " tag="CAT"><subfield code="a">Sys</subfield><subfield code="c">20120518</subfield><subfield code="h">143000</subfield></datafield></record></collection>